@online{vestergaard,
    author  = {Vestergaard, Erik},
    title   = {RSA-kryptosystemet},
    year    = {2007},
    url     = {https://matematikfysik.dk/mat/noter_tillaeg/RSA.pdf}
}




author
title
year
url
publisher
pages
